<?xml version="1.0" encoding="UTF-8"?><collection xmlns="http://www.loc.gov/MARC21/slim"><record><leader>00505nam--2200181-i-4500</leader><controlfield tag="001">000007842</controlfield><controlfield tag="002">20161230</controlfield><controlfield tag="005">20161230201027</controlfield><controlfield tag="008">060222s1000------------r-----000-0-eng-d</controlfield><datafield ind1=" " ind2=" " tag="040"><subfield code="a">IFIN-HH</subfield></datafield><datafield ind1=" " ind2=" " tag="080"><subfield code="a">533.9</subfield></datafield><datafield ind1="1" ind2=" " tag="100"><subfield code="a">Boley, Forrest I</subfield></datafield><datafield ind1="1" ind2="0" tag="245"><subfield code="a">Plasmas - laboratory and cosmic</subfield><subfield code="c">Forrest i. boley</subfield></datafield><datafield ind1=" " ind2=" " tag="260"><subfield code="a">Princeton, New Jersey</subfield><subfield code="b">Van Nostrand Company, Inc</subfield><subfield code="c">1966</subfield></datafield><datafield ind1=" " ind2=" " tag="300"><subfield code="a">154 P</subfield></datafield><datafield ind1=" " ind2=" " tag="490"><subfield code="a">Van Nostrand Momentum Books</subfield><subfield code="v">Book 11</subfield></datafield><datafield ind1=" " ind2=" " tag="852"><subfield code="a">20430</subfield><subfield code="c">539</subfield></datafield><datafield ind1=" " ind2=" " tag="CAT"><subfield code="a">Sys</subfield><subfield code="c">20110929</subfield><subfield code="h">164041</subfield></datafield></record></collection>